@misc{DeadSpace3,
    author    = "Electronic Arts",
    title     = "Dead Space 3",
    year      = "2013",
    url       = "https://store.steampowered.com/app/1238060/Dead_Space_3/",
    note      = "[misc; accessed 7-March-2023]"
}

@misc{L4D2,
    author    = "Valve",
    title     = "Left 4 Dead 2",
    year      = "2009",
    url       = "https://store.steampowered.com/app/550/Left_4_Dead_2/",
    note      = "[misc; accessed 7-March-2023]"
}

@misc{Phasmophobia,
    author    = "Kinetic Games",
    title     = "Phasmophobia",
    year      = "2020",
    url       = "hhttps://store.steampowered.com/app/739630/Phasmophobia/",
    note      = "[misc; accessed 7-March-2023]"
}

@misc{TheForest,
    author    = "Endnight Games Ltd",
    title     = "The Forest",
    year      = "2018",
    url       = "https://store.steampowered.com/app/242760/The_Forest/",
    note      = "[misc; accessed 7-March-2023]"
}

@misc{Devour,
    author    = "
Straight Back Games",
    title     = "DEVOUR",
    year      = "2021",
    url       = "https://store.steampowered.com/app/1274570/DEVOUR/",
    note      = "[misc; accessed 10-March-2023]"
}

@misc{IconicL4D,
    author    = "RoboKast",
    title     = "Why Left 4 Dead 2 Is So Iconic",
    year      = "2021",
    url       = "https://www.youtube.com/watch?v=n3bzC3butv0",
    note      = "[misc; accessed 16-March-2023]"
}

@misc{DirectorL4D,
    author    = "AI and Games",
    title     = "The Director AI of Left 4 Dead | AI and Games",
    year      = "2014",
    url       = "https://www.youtube.com/watch?v=WbHMxo11HcU",
    note      = "[misc; accessed 16-March-2023]"
}